% vim:filetype=tex:textwidth=80:shiftwidth=4:softtabstop=4:expandtab

@TechReport{McCarthy1963,
    title       = {{Situations, Actions, and Causal Laws}},
    author      = {McCarthy, John},
    year        = {1963},
    month       = {July},
    number      = {AIM-2},
    type        = {{Technical Report AI Memo 2}},
    institution = {AI Lab, Stanford University},
    OPTinstitution = {Department of Computer Science, Artificial Intelligence Laboratory, Stanford University},
    address     = {California, USA},
    note        = {Published in Semantic Information Processing, ed. Marvin Minsky. Cambridge, MA: The MIT Press, 1968.}
}

@book{automated_planning,
    address = {San  Francisco, CA},
    author = {M. Ghallab and D. Nau and P. Traverso},
    publisher = {Morgan Kaufmann},
    title = {Automated Planning: theory and practice},
    year = 2004,
    keywords = {imported},
    optisbn = {1558608567},
}


@article{Hoffman2001,
    title       = {{The FF Planning System: Fast Plan Generation Through Heuristic Search}},
    author      = { J. Hoffmann and B. Nebel },
    year        = "2001",
    address     = {Georoes-Kohler Allee, Geb. 52, 79110 Freiburg, Germany},
    journal     = {Journal of Artificial Intelligence Research},
    volume      = {14},
    pages       = {253--302},
}

@article{HalseyLongFox2003,
    title       = {{Isolating Where Planning and Scheduling Interact}},
    author      = { K. Halsey and D. Long  and M. Fox},
    year        = "2003",
    address     = {University of Strathclyde},
    journal     = {In Proceedings from the 22nd UK Planning and Scheduling Special Interest Group PlanSIG'03},
    volume      = {14},
    pages       = {104--114},
}




@InProceedings{hoffmann:ecai-02,
  crossref =  "ecai02",
  author =     "J{\"o}rg Hoffmann",
  title =        "Extending {FF} to Numerical State Variables",
  pages = "571-575"
}


@Proceedings{ecai02,
  key =         "ECAI-02",
  OPTeditor =      "F. Van Harmelen",
  title =   "Proceedings of the 15th European Conference on Artificial
                  Intelligence (ECAI-02)",
  booktitle =   "Proceedings of the 15th European Conference on Artificial
                  Intelligence (ECAI-02)",
  year =    2002,
  publisher =   wil,
  address =     "Lyon, France",
  month =   Jul,
}